@book{HasanKabir_HeatTransfer_2002,
author = {Hasan, A.R. and  Kabir, C.S.},
title = {Fluid Flow and Heat Tranfer in Wellbores},
publisher = {SPE},
year = {2002},
numpages = {181},
language = {english}
}


@book{Yukos_PVT_2002,
	author = {Хасанов, М.М. and  Байков, В.А. and Афанасьев, В.Ю. and Мухамедшин, Р.К. and Булгакова, Г.Т. and Гладков, А.В.},
	title = {Стандарт компании ЮКОС. Физические свойства нефти. Методы расчета},
	publisher = {Уфа Москва},
	year = {2002},
	numpages = {45},
	language = {russian}
}