@article{Alves_1992,
	author = "Alves, I.N. and Alhanati, F.J.S. and Shoham, O",
	title = "A Unified Model for Predicting Flowing Temperature Distribution in Wellbores and Pipelines",
	journal = "SPE Journal",
	year = 1992,
	volume = 7,
	number = 04,
	language = "english"
}


@book{HasanKabir_HeatTransfer_2002,
author = "Hasan, A.R. and  Kabir, C.S.",
title = "Fluid Flow and Heat Tranfer in Wellbores",
publisher = "SPE",
year = 2002,
numpages = 181,
language = "english"
}

@article{HasanKabir_1994,
	author = "Hasan, A.R. and  Kabir, C.S.",
	title = "Aspects of Heat Transfer During Two-phase Flow in Wellbores",
	journal = "SPE Journal",
	year = 1994,
	month = "August",
	volume = 9,
	number = 03,
	language = "english"
}

@article{Ramey_1962,
	author = "Ramey, H.J., Jr",
	title = "Wellbore Heat Transmission",
	journal = "SPE Journal",
	year = 1962,
	month = "April",
	language = "english"
}

@article{Schlumberger_1937,
author = "Schlumberger, M. and Doll, H.G. and Perebinossoff, A.A.",
title = "Temperature Measurements in Oil Wells",
journal = "J. Inst. Pet. Technologist",
year = 1937,
month = "January",
number = 23,
pages = 129,
language = "english"
}





@misc{website:gksru_energy_consumption,
      author = "Росстат",
      title = "Промышленное производство: Потребление электроэнергии в Российской Федерации",
      year = "2015",
      url = "\url{http://www.gks.ru/wps/wcm/connect/rosstat_main/rosstat/ru/statistics/enterprise/industrial/#}"
}

@article{Lee_1966,
	author = "Lee, A.L. and Gonzalez, M.H. and and Eakin, B.E.",
	title = "The Viscosity of Natural Gases SPE-1340-PA",
	journal = "J Pet Technol ",
	year = 1966,
	language = "english"
}

@article{Khasanov_TR_2006,
	author = "Хасанов М.М., Пашали А.А., Хабибуллин Р.А., Краснов В.А.",
	title = "Оценка забойного давления механизированной скважины: теория и опыт применения",
	journal = "Научно-технический вестник ОАО НК Роснефть",
	year = 2006,
	month = "02",
	language = "russian"
}

@article{Marquez_2003,
	author = "Marquez, R.A. and Prado, M.G.",
	title = "A New Robust Model For Natural Separation Efficiency",
	journal = "SPE 80922-MS",
	year = 2003,
	language = "english"
}




@article{McCain_1991,
	author = "McCain Jr., W.D.",
	title = "Reservoir-Fluid Property Correlations-State of the Art (includes associated papers 23583 and 23594)",
	journal = "SPE Res Eng SPE-18571-PA",
	year = 1991,
	language = "english"
}


@article{Perkins_1991,
	author = "Perkins T.K.",
	title = "Critical and Subcritical Flow of Multiphase Mixtures Through Chokes",
	journal = "SPE 20633",
	year = 1991,
	language = "english"
}

@book{Yukos_PVT_2002,
	author = "Хасанов М.М. and  Байков В.А. and Афанасьев В.Ю. and Мухамедшин Р.К. and Булгакова Г.Т. and Гладков А.В.",
	title = "Стандарт компании ЮКОС. Физические свойства нефти. Методы расчета.",
	publisher = "Уфа Москва",
	year = 2002,
	numpages = 45,
	language = "russian"
}

